@article{lee2004top,
	title={Top-down learning strategies: can they facilitate stylus keyboard learning?},
	author={Lee, Paul Ung-Joon and Zhai, Shumin},
	journal={International journal of human-computer studies},
	volume={60},
	number={5},
	pages={585--598},
	year={2004},
	publisher={Elsevier}
}

@inproceedings{Bi:2010:QSK:1753326.1753367,
	author = {Bi, Xiaojun and Smith, Barton A. and Zhai, Shumin},
	title = {Quasi-qwerty Soft Keyboard Optimization},
	booktitle = {Proceedings of the SIGCHI Conference on Human Factors in Computing Systems},
	series = {CHI '10},
	year = {2010},
	isbn = {978-1-60558-929-9},
	location = {Atlanta, Georgia, USA},
	pages = {283--286},
	numpages = {4},
	url = {http://doi.acm.org/10.1145/1753326.1753367},
	doi = {10.1145/1753326.1753367},
	acmid = {1753367},
	publisher = {ACM},
	address = {New York, NY, USA},
	keywords = {optimization, qwerty, soft keyboard, touch screens},
} 

@inproceedings{Bi:2016:IDO:2858036.2858421,
	author = {Bi, Xiaojun and Zhai, Shumin},
	title = {IJQwerty: What Difference Does One Key Change Make? Gesture Typing Keyboard Optimization Bounded by One Key Position Change from Qwerty},
	booktitle = {Proceedings of the 2016 CHI Conference on Human Factors in Computing Systems},
	series = {CHI '16},
	year = {2016},
	isbn = {978-1-4503-3362-7},
	location = {Santa Clara, California, USA},
	pages = {49--58},
	numpages = {10},
	url = {http://doi.acm.org/10.1145/2858036.2858421},
	doi = {10.1145/2858036.2858421},
	acmid = {2858421},
	publisher = {ACM},
	address = {New York, NY, USA},
	keywords = {gesture typing, layout optimization, text entry, virtual keyboard},
} 

@inproceedings{Oulasvirta:2013:ITT:2470654.2481383,
	author = {Oulasvirta, Antti and Reichel, Anna and Li, Wenbin and Zhang, Yan and Bachynskyi, Myroslav and Vertanen, Keith and Kristensson, Per Ola},
	title = {Improving Two-thumb Text Entry on Touchscreen Devices},
	booktitle = {Proceedings of the SIGCHI Conference on Human Factors in Computing Systems},
	series = {CHI '13},
	year = {2013},
	isbn = {978-1-4503-1899-0},
	location = {Paris, France},
	pages = {2765--2774},
	numpages = {10},
	url = {http://doi.acm.org/10.1145/2470654.2481383},
	doi = {10.1145/2470654.2481383},
	acmid = {2481383},
	publisher = {ACM},
	address = {New York, NY, USA},
	keywords = {bimanual performance, keyboard optimization, soft keyboards, touchscreen devices, two-thumb text entry},
} 

@inproceedings{Azenkot:2012:TBD:2371574.2371612,
	author = {Azenkot, Shiri and Zhai, Shumin},
	title = {Touch Behavior with Different Postures on Soft Smartphone Keyboards},
	booktitle = {Proceedings of the 14th International Conference on Human-computer Interaction with Mobile Devices and Services},
	series = {MobileHCI '12},
	year = {2012},
	isbn = {978-1-4503-1105-2},
	location = {San Francisco, California, USA},
	pages = {251--260},
	numpages = {10},
	url = {http://doi.acm.org/10.1145/2371574.2371612},
	doi = {10.1145/2371574.2371612},
	acmid = {2371612},
	publisher = {ACM},
	address = {New York, NY, USA},
	keywords = {mobile text entry, touch interfaces},
} 

@inproceedings{Gunawardana:2010:UGK:1719970.1719986,
	author = {Gunawardana, Asela and Paek, Tim and Meek, Christopher},
	title = {Usability Guided Key-target Resizing for Soft Keyboards},
	booktitle = {Proceedings of the 15th International Conference on Intelligent User Interfaces},
	series = {IUI '10},
	year = {2010},
	isbn = {978-1-60558-515-4},
	location = {Hong Kong, China},
	pages = {111--118},
	numpages = {8},
	url = {http://doi.acm.org/10.1145/1719970.1719986},
	doi = {10.1145/1719970.1719986},
	acmid = {1719986},
	publisher = {ACM},
	address = {New York, NY, USA},
	keywords = {language model, source-channel key-target resizing, touch model},
} 

@Inbook{AlFaraj2009,
	author="Al Faraj, Khaldoun
	and Mojahid, Mustapha
	and Vigouroux, Nadine",
	editor="Jacko, Julie A.",
	title="BigKey: A Virtual Keyboard for Mobile Devices",
	bookTitle="Human-Computer Interaction. Ambient, Ubiquitous and Intelligent Interaction: 13th International Conference, HCI International 2009, San Diego, CA, USA, July 19-24, 2009, Proceedings, Part III",
	year="2009",
	publisher="Springer Berlin Heidelberg",
	address="Berlin, Heidelberg",
	pages="3--10",
	isbn="978-3-642-02580-8",
	doi="10.1007/978-3-642-02580-8_1",
	url="http://dx.doi.org/10.1007/978-3-642-02580-8_1"
}

@inproceedings{Quinn:2016:CST:2858036.2858305,
	author = {Quinn, Philip and Zhai, Shumin},
	title = {A Cost-Benefit Study of Text Entry Suggestion Interaction},
	booktitle = {Proceedings of the 2016 CHI Conference on Human Factors in Computing Systems},
	series = {CHI '16},
	year = {2016},
	isbn = {978-1-4503-3362-7},
	location = {Santa Clara, California, USA},
	pages = {83--88},
	numpages = {6},
	url = {http://doi.acm.org/10.1145/2858036.2858305},
	doi = {10.1145/2858036.2858305},
	acmid = {2858305},
	publisher = {ACM},
	address = {New York, NY, USA},
	keywords = {interface assertiveness, mobile text entry, predictive interfaces},
} 

@ARTICLE{David1985
		title = {Clio and the Economics of QWERTY},
	author = {David, Paul},
	year = {1985},
	journal = {American Economic Review},
	volume = {75},
	number = {2},
	pages = {332-37},
	url = {http://EconPapers.repec.org/RePEc:aea:aecrev:v:75:y:1985:i:2:p:332-37}
}

@article{liebowitz1990fable,
	title={The fable of the keys},
	author={Liebowitz, Stan J and Margolis, Stephen E},
	journal={The Journal of Law and Economics},
	volume={33},
	number={1},
	pages={1--25},
	year={1990},
	publisher={The University of Chicago Press}
}

@inproceedings{reyal2015performance,
	title={Performance and user experience of touchscreen and gesture keyboards in a lab setting and in the wild},
	author={Reyal, Shyam and Zhai, Shumin and Kristensson, Per Ola},
	booktitle={Proceedings of the 33rd Annual ACM Conference on Human Factors in Computing Systems},
	pages={679--688},
	year={2015},
	organization={ACM}
}

@inproceedings{Dunlop:2012:MPO:2207676.2208659,
	author = {Dunlop, Mark and Levine, John},
	title = {Multidimensional Pareto Optimization of Touchscreen Keyboards for Speed, Familiarity and Improved Spell Checking},
	booktitle = {Proceedings of the SIGCHI Conference on Human Factors in Computing Systems},
	series = {CHI '12},
	year = {2012},
	isbn = {978-1-4503-1015-4},
	location = {Austin, Texas, USA},
	pages = {2669--2678},
	numpages = {10},
	url = {http://doi.acm.org/10.1145/2207676.2208659},
	doi = {10.1145/2207676.2208659},
	acmid = {2208659},
	publisher = {ACM},
	address = {New York, NY, USA},
	keywords = {mobile text entry, pareto front optimization, text entry studies, touch-screen keyboard design},
} 